% Encoding: UTF-8

@Book{Elsner2018,
  title     = {SAP Leonardo: Konzepte, Technologien, Best Practices},
  publisher = {Rheinwerk Verlag GmbH},
  year      = {2018},
  author    = {Elsner, Martin and González, Glenn and Raben, Mark},
  isbn      = {3836264145},
  date      = {2018-10-01},
  ean       = {9783836264143},
  pagetotal = {323},
  url       = {https://www.ebook.de/de/product/33207585/martin_elsner_glenn_gonzalez_mark_raben_sap_leonardo.html},
}

@Book{Acharya2019,
  title     = {SAP Cloud Platform: Cloud-Native Development},
  publisher = {Rheinwerk Verlag GmbH},
  year      = {2019},
  author    = {Acharya, Gairik and Bajaj, Govind and Dhar, Avijit and Ghosh, Anup and Lahiri, Asidhara},
  isbn      = {149321747X},
  date      = {2019-03-01},
  ean       = {9781493217472},
  pagetotal = {489},
  url       = {https://www.ebook.de/de/product/33750709/gairik_acharya_govind_bajaj_avijit_dhar_anup_ghosh_asidhara_lahiri_sap_cloud_platform_cloud_native_development.html},
}

@Book{Lea2018,
  title     = {Internet of Things for Architects},
  publisher = {Packt Publishing},
  year      = {2018},
  author    = {Lea, Perry},
  isbn      = {1788470591},
  date      = {2018-01-22},
  ean       = {9781788470599},
  pagetotal = {524},
  url       = {https://www.ebook.de/de/product/31488295/perry_lea_internet_of_things_for_architects.html},
}

@Book{Andelfinger2014,
  title     = {Internet der Dinge},
  publisher = {Springer Fachmedien Wiesbaden},
  year      = {2014},
  author    = {Andelfinger, Volker P. and Hänisch, Till},
  isbn      = {3658067284},
  date      = {2014-12-03},
  ean       = {9783658067281},
  pagetotal = {192},
  url       = {https://www.ebook.de/de/product/22721809/internet_der_dinge.html},
}

@Misc{Ganz2019,
  author       = {Betram Ganz},
  title        = {SAP Cloud Platform Solution Diagrams \& Icons},
  howpublished = {Abgerufen 12. Novemver 2019, von https://d.dam.sap.com/a/JPUXye},
  month        = jul,
  year         = {2019},
}

@Book{Doleski2017,
  title     = {Herausforderung Utility 4.0: Wie sich die Energiewirtschaft im Zeitalter der Digitalisierung verändert},
  publisher = {Springer Fachmedien Wiesbaden},
  year      = {2017},
  author    = {Oliver D. Doleski},
  note      = {Hrsg.},
  doi       = {10.1007/978-3-658-15737-1},
}

@Book{Doleski2016,
  title     = {Utility 4.0: Transformation vomVersorgungs- zum digitalen Energiedienstleistungsunternehmen},
  publisher = {Springer Fachmedien Wiesbaden},
  year      = {2016},
  author    = {Oliver D. Doleski},
  doi       = {10.1007/978-3-658-11551-7},
}

@Misc{FraunhoferISE,
  author       = {Fraunhofer},
  title        = {Energiewende – Paradigmenwechsel und Digitalisierung},
  howpublished = {Abgerufen 15. November 2019, von https://www.ise.fraunhofer.de/de/leitthemen/energiewende-digital.html},
  month        = nov,
  year         = {2019},
  note         = {Franhofer ISE},
}

@TechReport{ISE2019,
  author      = {Fraunhofer},
  title       = {Energiewende – Paradigmenwechsel und Digitalisierung},
  institution = {Fraunhofer ISE},
  year        = {2019},
  type        = {resreport},
  address     = {Abgerufen 15. November 2019, von https://www.ise.fraunhofer.de/de/leitthemen/energiewende-digital.html},
  note        = {Not used. Testing purposes},
}

@Misc{Howells2017,
  author       = {Richard Howells},
  title        = {Welcome to the Digital Renaissance},
  howpublished = {Abgerufen 18. November, von https://news.sap.com/2017/07/welcome-to-the-digital-renaissance/.},
  year         = {2017},
}

@Book{Andelfinger2017,
  title     = {Industrie 4.0},
  publisher = {Gabler, Betriebswirt.-Vlg},
  year      = {2017},
  editor    = {Volker P. Andelfinger and Till Hänisch},
  isbn      = {3658155566},
  date      = {2017-04-13},
  ean       = {9783658155568},
  url       = {https://www.ebook.de/de/product/28095829/industrie_4_0.html},
}

@Comment{jabref-meta: databaseType:bibtex;}
